@misc{pineaul5,
  author={Joelle Pineau},
  title = { COMP 598 - Applied Machine Learning 
Lecture 5: Naive Bayes Classification},
  howpublished = {\url{http://www.cs.mcgill.ca/~jpineau/comp598/Lectures/05NaiveBayes-publish.pdf}},
  note = {Accessed: 2014-10-11}
}


